@misc{smlwebsite,
  title = {Sustainability Initiatives},
  howpublished = {Available at \url{https://www.shoalsmarinelaboratory.org/sustainable-appledore}},
  note = {Accessed: 2022/03/25}
}

@misc{smldata,
  title = {SML CSV Export},
  howpublished = {Available at \url{https://sustainablesml.org/pages/export.php}},
  note = {Accessed: 2022/03/25}
}

@misc{github,
  title = {RL Applied to SML Github},
  author = {Daniel Mattson},
  howpublished = {Available at \url{https://github.com/danielmattson/rl-thesis}},
  note = {Accessed: 2022/05/17}
}

https://github.com/danielmattson/rl-thesis

@ARTICLE{review,
    AUTHOR="D. Zhang, X. Han and C. Deng",
    TITLE="Review on the research and practice of deep learning and reinforcement learning in smart grids",
    JOURNAL="CSEE Journal of Power and Energy Systems",
    YEAR="2018",
    VOLUME="4",
    NUMBER="3",
    PAGES="362-370",
    doi="10.17775/CSEEJPES.2018.00520"
}

@INPROCEEDINGS{multiagent,  
    author={Ghasemi, Arman and Shojaeighadikolaei, Amin and Jones, Kailani and Hashemi, Morteza and Bardas, Alexandru G. and Ahmadi, Reza},  booktitle={2020 IEEE International Conference on Communications, Control, and Computing Technologies for Smart Grids (SmartGridComm)},
    title={A Multi-Agent Deep Reinforcement Learning Approach for a Distributed Energy Marketplace in Smart Grids},
    year={2020},
    pages={1-6},
    doi={10.1109/SmartGridComm47815.2020.9302981}
}

@inproceedings{fqi,
  title={Batch Reinforcement Learning for Smart Home Energy Management},
  author={Heider Berlink and Anna Helena Reali Costa},
  booktitle={IJCAI},
  year={2015}
}

@ARTICLE{socialwelfare,
    author={Wan, Yanni and Qin, Jiahu and Yu, Xinghuo and Yang, Tao and Kang, Yu},
    journal={IEEE/CAA Journal of Automatica Sinica},
    title={Price-Based Residential Demand Response Management in Smart Grids: A Reinforcement Learning-Based Approach},
    year={2022},
    volume={9},
    number={1},
    pages={123-134},
    doi={10.1109/JAS.2021.1004287}
}

@book{suttonbarto,
  author    = "Richard S. Sutton and Andrew G. Barto",
  title     = "Reinforcement Learning, An Introduction",
  publisher = "MIT Press",
  address   = "Cambridge, MA",
  year      = 2018
}

@book{bertsekas,
  author    = "Dimitri P. Bertsekas",
  title     = "Reinforcement Learning and Optimal Control",
  publisher = "Athena Scientific",
  address   = "Belmont, MA",
  year      = 2019
}
